% This file was created with JabRef 2.8.1.
% Encoding: UTF8

@TECHREPORT{Akella2010,
  author = {Chakravarthy Akella and Jesus Yepez},
  title = {IntelÂ® Power Management for Embedded Applications},
  institution = {Intel Corporation},
  year = {2010},
  file = {:intel - Power Management for Embedded Applications pr.pdf:PDF}
}
